<record><leader>00000cas a22000007a 4500</leader><controlfield tag="001">2267737</controlfield><controlfield tag="008">760620d19251968pauwr ne      0    0eng d</controlfield><datafield ind1=" " ind2=" " tag="010"><subfield code="a">sn 89077589 </subfield></datafield><datafield ind1=" " ind2=" " tag="040"><subfield code="a">PIT</subfield><subfield code="b">eng</subfield><subfield code="c">PIT</subfield><subfield code="d">NPH</subfield><subfield code="d">OCLCQ</subfield></datafield><datafield ind1=" " ind2=" " tag="042"><subfield code="a">msc</subfield></datafield><datafield ind1="0" ind2="0" tag="245"><subfield code="a">Slippery Rock signal.</subfield></datafield><datafield ind1=" " ind2=" " tag="260"><subfield code="a">Slippery Rock, Pa. :</subfield><subfield code="b">Slippery Rock Print. Co.</subfield></datafield><datafield ind1=" " ind2=" " tag="300"><subfield code="a">v. :</subfield><subfield code="b">ill. ;</subfield><subfield code="c">56 cm.</subfield></datafield><datafield ind1=" " ind2=" " tag="310"><subfield code="a">Weekly</subfield></datafield><datafield ind1="1" ind2=" " tag="362"><subfield code="a">Began in 1925; ceased in 1968?</subfield></datafield><datafield ind1=" " ind2=" " tag="588"><subfield code="a">Description based on: 8th yr., no. 26 (Jan 5, 1933).</subfield></datafield><datafield ind1=" " ind2=" " tag="752"><subfield code="a">United States</subfield><subfield code="b">Pennsylvania</subfield><subfield code="c">Butler</subfield><subfield code="d">Slippery Rock.</subfield></datafield><datafield ind1="0" ind2="0" tag="785"><subfield code="t">Allied news (Grove City, Pa. : Slippery Rock signal ed.)</subfield><subfield code="w">(DLC)sn 89077065</subfield></datafield><datafield ind1="1" ind2=" " tag="029"><subfield code="a">AU@</subfield><subfield code="b">000025881163</subfield></datafield></record>